<record><leader>05441cam a2200505 i 45 0</leader><controlfield tag="001">6805528</controlfield><controlfield tag="003">OCoLC</controlfield><controlfield tag="005">20150217134642.0</controlfield><controlfield tag="006">m     o  d        </controlfield><controlfield tag="007">cr cnu---unuuu</controlfield><controlfield tag="008">150216s2015    enk     ob    001 0 eng d</controlfield><datafield ind1=" " ind2=" " tag="020"><subfield code="a">9781107111011 (ebook)</subfield></datafield><datafield ind1=" " ind2=" " tag="020"><subfield code="a">1107111013</subfield><subfield code="q">electronic bk.</subfield></datafield><datafield ind1=" " ind2=" " tag="020"><subfield code="z">9781107625280</subfield></datafield><datafield ind1=" " ind2=" " tag="020"><subfield code="z">1107625289</subfield></datafield><datafield ind1=" " ind2=" " tag="035"><subfield code="a">ocn903498440</subfield></datafield><datafield ind1=" " ind2=" " tag="039"><subfield code="a">exclude</subfield></datafield><datafield ind1=" " ind2=" " tag="040"><subfield code="a">CAMBR</subfield><subfield code="b">eng</subfield><subfield code="e">rda</subfield><subfield code="e">pn</subfield><subfield code="c">CAMBR</subfield><subfield code="d">AEU</subfield></datafield><datafield ind1=" " ind2="4" tag="050"><subfield code="a">RA975.5.E5</subfield><subfield code="b">S56 2015eb</subfield></datafield><datafield ind1="1" ind2="4" tag="060"><subfield code="a">WB 105</subfield></datafield><datafield ind1="0" ind2="4" tag="082"><subfield code="a">362.18</subfield><subfield code="2">23</subfield></datafield><datafield ind1=" " ind2=" " tag="090"><subfield code="a">Internet Access</subfield><subfield code="b">AEU</subfield></datafield><datafield ind1="0" ind2="0" tag="245"><subfield code="a">SimWars simulation case book :</subfield><subfield code="b">emergency medicine /</subfield><subfield code="c">edited by Lisa Jacobson, Yasuharu Okuda, Steven Godwin.</subfield></datafield><datafield ind1=" " ind2="1" tag="264"><subfield code="a">Cambridge, United Kingdom ;</subfield><subfield code="a">New York :</subfield><subfield code="b">Cambridge University Press,</subfield><subfield code="c">[2015]</subfield></datafield><datafield ind1=" " ind2=" " tag="300"><subfield code="a">1 online resource (xvi, 324 pages) :</subfield><subfield code="b">illustrations</subfield></datafield><datafield ind1=" " ind2=" " tag="336"><subfield code="a">text</subfield><subfield code="b">txt</subfield><subfield code="2">rdacontent</subfield></datafield><datafield ind1=" " ind2=" " tag="337"><subfield code="a">computer</subfield><subfield code="b">c</subfield><subfield code="2">rdamedia</subfield></datafield><datafield ind1=" " ind2=" " tag="338"><subfield code="a">online resource</subfield><subfield code="b">cr</subfield><subfield code="2">rdacarrier</subfield></datafield><datafield ind1=" " ind2=" " tag="504"><subfield code="a">Includes bibliographical references and index.</subfield></datafield><datafield ind1="0" ind2=" " tag="505"><subfield code="a">1. Why SimWars -- 2. What is SimWars -- 3. SimWars : how to succeed -- 4. SimWars debriefing: the art of the show -- 5. SimWars judging: maximizing the educational value of a popular educational modality -- 6. Troubleshooting technology -- Case 1. Terminal extubation -- Case 2. Industrial fire victim: burns and cyanide toxicity -- Case 3. Pool diving accident -- Case 4. Difficult airway - house fire -- Case 5. 'Is there a doctor on the plane?': Airplane anaphylaxis -- Case 6. Hyperthermia on a cruise ship -- Case 7. Hypertensive emergency -- Case 8. Adrenal insufficiency -- Case 9. 'Raving' altered mental status -- Case 10. Two patients with altered mental status and cyanosis -- Case 11. Severe asthma -- Case 12. High-altitude pulmonary edema with high-altitude cerebral edema -- Case 13. SCUBA - air embolism -- Case 14. LVAD -- Case 15. Aortic dissection mimicking as STEMI -- Case 16. Procedural sedation gone wrong in patient with upper GI hemorrhage -- Case 17. Transfer gone wrong - NG tube in the trachea -- Case 18. Septic shock secondary to pneumonia -- Case 19. AMS/hemorrhagic fever -- Case 20. Tetany in a home-body piercer -- Case 21. Pediatric myocarditis -- Case 22. Neonatal HSV meningo/encephalitis -- Case 23. Traumatic brain injury -- Case 24. Status epilepticus -- Case 25. Intracranial hemorrhage -- Case 26. Stroke/health information technology case -- Case 27. Football injury - cervical spine fracture with neurogenic shock -- Case 28. Floppy newborn resuscitation -- Case 29. Post mortem C-section with seizing neonate at delivery -- Case 30. Shoulder dystocia with postpartum hemorrhage -- Case 31. Pediatric status epilepticus -- Case 32. Neonatal cardiac arrest -- Case 33. Anaphylaxis/boarding patient -- Case 34. Zofran and long QTc syndrome -- Case 35. Pediatric death debrief -- Case 36. Infant abuse and the angry team member -- Case 37. Intoxicated father with child neglect -- Case 38. Body packer -- Case 39. Multiple altered patients with carbon monoxide (CO) poisoning -- Case 40. HazMat/decontamination response with complicated communication -- Case 41. Migraines and beta blocker overdose -- Case 42. Blast injury -- Case 43. Multi-victim trauma case -- Case 44. Traumatic head bleed/trephination -- Case 45. Trapped in the elevator -- Case 46. I'm never riding rollercoasters again -- Appendix A. Thinking about the cases with ACGME milestones in mind -- Appendix B. Moulage in minutes -- Appendix C. Case images -- Index.</subfield></datafield><datafield ind1=" " ind2=" " tag="506"><subfield code="a">Access restricted to authorized users and institutions.</subfield></datafield><datafield ind1=" " ind2=" " tag="520"><subfield code="a">"The SimWars Simulation Case Book: Emergency Medicine enables novice simulation operators to quickly and effectively run simulation cases, which have been established at national SimWars events, for their respective programs and departments. Developed by leading emergency medicine simulation experts, this definitive collection of 46 cases includes topics intended to supplement UME and GME training, meet ACGME core competency requirements, and challenge the expert emergency physician in critical decision making, procedural skills, ethical issues, teamwork and communication skills. The use of simulation to gain and maintain skills in healthcare has become critical to the delivery of the curricula in medical schools, nursing schools, residency programs, and hospital-based practice. Specialty boards, such as the American Board of Anesthesiology, now require simulation training as part of the Maintenance of Certification. Studies have shown that one of the main barriers to implementing simulation is the lack of trained simulation instructors and instructor time"--Provided by publisher.</subfield></datafield><datafield ind1="0" ind2=" " tag="588"><subfield code="a">Print version record.</subfield></datafield><datafield ind1=" " ind2=" " tag="596"><subfield code="a">44</subfield></datafield><datafield ind1=" " ind2="0" tag="650"><subfield code="a">Emergency medicine</subfield><subfield code="x">Simulation methods.</subfield></datafield><datafield ind1="1" ind2="2" tag="650"><subfield code="a">Emergencies</subfield><subfield code="v">Case Reports.</subfield></datafield><datafield ind1="2" ind2="2" tag="650"><subfield code="a">Competency-Based Education</subfield><subfield code="v">Case Reports.</subfield></datafield><datafield ind1="2" ind2="2" tag="650"><subfield code="a">Diagnosis, Differential</subfield><subfield code="v">Case Reports.</subfield></datafield><datafield ind1="2" ind2="2" tag="650"><subfield code="a">Emergency Medicine</subfield><subfield code="x">methods</subfield><subfield code="v">Case Reports.</subfield></datafield><datafield ind1="2" ind2="2" tag="650"><subfield code="a">Patient Simulation</subfield><subfield code="v">Case Reports.</subfield></datafield><datafield ind1="1" ind2=" " tag="700"><subfield code="a">Jacobson, Lisa</subfield><subfield code="c">(Physician),</subfield><subfield code="e">editor.</subfield></datafield><datafield ind1="1" ind2=" " tag="700"><subfield code="a">Okuda, Yasuharu,</subfield><subfield code="e">editor.</subfield></datafield><datafield ind1="1" ind2=" " tag="700"><subfield code="a">Godwin, Steven,</subfield><subfield code="e">editor.</subfield></datafield><datafield ind1="4" ind2="0" tag="856"><subfield code="3">University of Alberta Access</subfield><subfield code="u">http://dx.doi.org/10.1017/CBO9781107111011</subfield></datafield><datafield ind1=" " ind2=" " tag="926"><subfield code="a">Internet Access</subfield><subfield code="w">LC</subfield><subfield code="c">1</subfield><subfield code="i">6805528-1001</subfield><subfield code="l">INTERNET</subfield><subfield code="m">UAINTERNET</subfield><subfield code="r">Y</subfield><subfield code="s">Y</subfield><subfield code="t">E-RESOURCE</subfield><subfield code="u">2/17/2015</subfield><subfield code="x">E-BOOK</subfield><subfield code="z">CBO</subfield></datafield></record>